@article{mapreduce,
	author = "Dean, Jeffrey and Ghemawat, Sanjay",
	title = "{Map{R}educe: simplified data processing on large clusters}",
	journal = "Commun ACM",
	volume = "51",
	number = "1",
	year = "2008",
	pages = "107--113",
}

@article{musket,
	author = "Liu, Yongchao and Schröder, Jan and Schmidt, Bertil",
	title = {Musket: a multistage k-mer spectrum-based error corrector for Illumina sequence data},
	journal = "Bioinformatics",
	volume = "29",
	number = "3",
	year = "2013",
	pages = "308-315",
}

@misc{hadoop,
	author = "{The Apache software foundation [Internet]}",
	title = "{Apache Hadoop}",
	year = "2006 [cited 12 June 2018]",
	url = "http://hadoop.apache.org"
}

@misc{hsp,
	author = "Roberto Rey Expósito and Luis Lorenzo Mosquera and Jorge González-Domínguez",
	title = "{Hadoop Sequence Parser (HSP) library}",
	year = "2018 [cited 12 June 2018]",
	url = "https://github.com/rreye/hsp"
}

@misc{jni,
	author = "{Oracle corporation [Internet]}",
	title = "{Java Native Interface}",
	year = "2011 [cited 12 June 2018]",
	url = "https://docs.oracle.com/javase/7/docs/technotes/guides/jni/"
}

@inproceedings{hadoop_hdfs,
	author="Shvachko, K. and Hairong Kuang and Radia, S. and Chansler, R.",
	booktitle= "Proceedings of the IEEE 26th Symposium on Mass Storage Systems and Technologies (MSST'2010)",
	title="{The Hadoop distributed file system}",
	year="2010",
	pages="1-10",
	organization="Incline Village, NV, USA"
}

@article{comparative,
	author="Akogwu, Isaac
	and Wang, Nan
	and Zhang, Chaoyang
	and Gong, Ping",
	title="A comparative study of k-spectrum-based error correction methods for next-generation sequencing data analysis",
	journal="Human Genomics",
	volume="10",
	number="2",
	year="2016",
	pages="20",
}

@inproceedings{cloudrs,
	author={C. C. Chen and Y. J. Chang and W. C. Chung and D. T. Lee and J. M. Ho},
	booktitle="Proceeding of the IEEE International Conference on Big Data, Santa Clara, CA, USA",
	title="{CloudRS: An error correction algorithm of high-throughput sequencing data based on scalable framework}",
	year="2013",
	pages="717-722",
}

@article{decgpu,
	author="Liu, Yongchao
	and Schmidt, Bertil
	and Maskell, Douglas L.",
	title="{DecGPU: distributed error correction on massively parallel graphics processing units using CUDA and MPI}",
	journal="BMC Bioinformatics",
	year="2011",
	volume="12",
	number="1",
	pages="85",
}

@article{ngs,
	Author="Behjati, S.  and Tarpey, P. S.",
	Title="{{W}hat is next generation sequencing?}",
	Journal="Arch Dis Child Educ Pract Ed",
	Year="2013",
	Volume="98",
	Number="6",
	Pages="236--238",
}

@article{pcr,
	Author="Garibyan, L.  and Avashia, N.",
	Title="{{P}olymerase chain reaction}",
	Journal="J. Invest. Dermatol.",
	Year="2013",
	Volume="133",
	Number="3",
	Pages="1--4",
}

@article{adn_polimerasa,
	Author="Garcia-Diaz, M.  and Bebenek, K. ",
	Title="{{M}ultiple functions of {D}{N}{A} polymerases}",
	Journal="CRC Crit Rev Plant Sci",
	Year="2007",
	Volume="26",
	Number="2",
	Pages="105--122",
}

@article{reptile,
	Author="Medvedev, P.  and Scott, E.  and Kakaradov, B.  and Pevzner, P. ",
	Title="{{E}rror correction of high-throughput sequencing datasets with non-uniform coverage}",
	Journal="Bioinformatics",
	Year="2011",
	Volume="27",
	Number="13",
	Pages="137--141",
}

@misc{openmp,
	author = "{OpenMP Architecture Review Board}",
	title = "{{OpenMP} Application Program Interface Version 4.0}",
	year = "2013 [cited 17 June 2018]",
	url = "https://www.openmp.org/wp-content/uploads/OpenMP4.0.0.pdf"
}

@misc{cuda-ec,
	author = "{Aman Mangal, Chirag Jain}",
	title = "{Error correction in high-throughput short-read data on GPU (Mid-Term Progress)}",
	year = "2014 [cited 17 June 2018]",
	url = "https://github.com/mangalaman93/cude-ec"
}

@misc{bdev,
	Author="Jorge Veiga and Jonatan Enes and Roberto R. Expósito and Juan Touriño",
	Title="{BDEv 3.0: Energy efficiency and microarchitectural characterization of Big Data processing frameworks}",
	Year="2018 [cited 17 June 2018]",
	url = "http://bdev.des.udc.es/"
}


@misc{soap_corrector,
	title = "{SOAP - Short Oligonucleotide Analysis Package}",
	year = "2007 [cited 17 June 2018]",
	url = "http://soap.genomics.org.cn/soapdenovo.html"
}

@misc{pluton,
	title = "{Pluton cluster's main page}",
	year = "2013 [cited 17 June 2018]",
	url = "http://pluton.des.udc.es/"
}

@article{indels,
	Author="Mullaney, J. M.  and Mills, R. E.  and Pittard, W. S.  and Devine, S. E. ",
	Title="{{S}mall insertions and deletions ({I}{N}{D}{E}{L}s) in human genomes}",
	Journal="Hum. Mol. Genet.",
	Year="2010",
	Volume="19",
	Number="R2",
	Pages="131--136",
}

@article{sga,
	Author="Sameith, K.  and Roscito, J. G.  and Hiller, M. ",
	Title="{{I}terative error correction of long sequencing reads maximizes accuracy and improves contig assembly}",
	Journal="Brief. Bioinformatics",
	Year="2017",
	Volume="18",
	Number="1",
	Pages="1--8",
	Month="01"
}

@misc{centos,
	Author="{The CentOS Project}",
	Title="{CentOS}",
	Year="2004 [cited 17 June 2018]",
	url = "https://www.centos.org/"
}

@article{quake,
	Author="Kelley, D. R.  and Schatz, M. C.  and Salzberg, S. L. ",
	Title="{{Q}uake: quality-aware detection and correction of sequencing errors}",
	Journal="Genome Biol.",
	Year="2010",
	Volume="11",
	Number="11",
	Pages="116 - 129"
}

@article{hammer,
	Author="Medvedev, P.  and Scott, E.  and Kakaradov, B.  and Pevzner, P. ",
	Title="{{E}rror correction of high-throughput sequencing datasets with non-uniform coverage}",
	Journal="Bioinformatics",
	Year="2011",
	Volume="27",
	Number="13",
	Pages="137--141",
}

@article{hitec,
	Author="Ilie, L.  and Fazayeli, F.  and Ilie, S. ",
	Title="{{H}i{T}{E}{C}: accurate error correction in high-throughput sequencing data}",
	Journal="Bioinformatics",
	Year="2011",
	Volume="27",
	Number="3",
	Pages="295--302",
}

@article{sherec,
	Author="Schroder, J.  and Schroder, H.  and Puglisi, S. J.  and Sinha, R.  and Schmidt, B. ",
	Title="{{S}{H}{R}{E}{C}: a short-read error correction method}",
	Journal="Bioinformatics",
	Year="2009",
	Volume="25",
	Number="17",
	Pages="2157--2163",
}



